<record><leader>00000cas a22000007a 4500</leader><controlfield tag="001">18434540</controlfield><controlfield tag="008">880901c19779999arudn ne      0   a0eng d</controlfield><controlfield tag="009">6576</controlfield><datafield ind1=" " ind2=" " tag="010"><subfield code="a">sn 88084202 </subfield></datafield><datafield ind1=" " ind2=" " tag="040"><subfield code="a">PPM</subfield><subfield code="b">eng</subfield><subfield code="c">PPM</subfield><subfield code="d">ANU</subfield><subfield code="d">NSD</subfield><subfield code="d">OCLCQ</subfield></datafield><datafield ind1=" " ind2=" " tag="012"><subfield code="m">1</subfield></datafield><datafield ind1="1" ind2=" " tag="022"><subfield code="a">1097-7414</subfield><subfield code="l">1097-7414</subfield><subfield code="2">1</subfield></datafield><datafield ind1="1" ind2=" " tag="029"><subfield code="a">AU@</subfield><subfield code="b">000020521619</subfield></datafield><datafield ind1=" " ind2=" " tag="032"><subfield code="a">142040</subfield><subfield code="b">USPS</subfield></datafield><datafield ind1=" " ind2=" " tag="042"><subfield code="a">msc</subfield><subfield code="a">nsdp</subfield></datafield><datafield ind1="0" ind2=" " tag="130"><subfield code="a">Banner-news (Magnolia, Ark. : Daily)</subfield></datafield><datafield ind1=" " ind2="0" tag="222"><subfield code="a">Banner-news</subfield><subfield code="b">(Magnolia, Ark. Daily)</subfield></datafield><datafield ind1="0" ind2="4" tag="245"><subfield code="a">The Banner-news.</subfield></datafield><datafield ind1="3" ind2="0" tag="246"><subfield code="a">Banner news</subfield></datafield><datafield ind1="1" ind2="3" tag="246"><subfield code="a">Daily banner-news</subfield><subfield code="f">Jan. 5-13, 1977</subfield></datafield><datafield ind1=" " ind2=" " tag="260"><subfield code="a">Magnolia, Ark. :</subfield><subfield code="b">Banner News Pub. Co.</subfield></datafield><datafield ind1=" " ind2=" " tag="300"><subfield code="a">v.</subfield></datafield><datafield ind1=" " ind2=" " tag="310"><subfield code="a">Daily (except Sunday)</subfield></datafield><datafield ind1="0" ind2=" " tag="362"><subfield code="a">99th year, no. 47 (Jan. 5, 1977)-</subfield></datafield><datafield ind1=" " ind2="4" tag="651"><subfield code="a">Magnolia (Ark.)</subfield><subfield code="v">Newspapers.</subfield></datafield><datafield ind1=" " ind2="4" tag="651"><subfield code="a">Columbia County (Ark.)</subfield><subfield code="v">Newspapers.</subfield></datafield><datafield ind1=" " ind2=" " tag="752"><subfield code="a">United States</subfield><subfield code="b">Arkansas</subfield><subfield code="c">Columbia</subfield><subfield code="d">Magnolia.</subfield></datafield><datafield ind1="0" ind2="0" tag="780"><subfield code="t">Daily banner-news</subfield><subfield code="w">(DLC)sn 89051304</subfield></datafield></record>